@online{MadhavaBio,
	author = {J. J. O'Connor and E. F. Robertson},
	title = {Madhava of Sangamagrama},
	date = {08.10.2024},
	url = {https://mathshistory.st-andrews.ac.uk/Biographies/Madhava/},
}


@online{ChudonvskyWiki,
	author = {unbekannt},
	title = {Chudnovsky algorithm},
	date = {08.10.2024},
	url = {https://en.wikipedia.org/wiki/Chudnovsky_algorithm},
}
